@article{Simpson10,
  author =       {Simpson, Jared T. and Durbin, Richard},
  title =        {Efficient construction of an assembly string graph
                  using the {FM}-index},
  volume =       26,
  number =       12,
  pages =        {i367-i373},
  year =         2010,
  doi =          {10.1093/bioinformatics/btq217},
  journal =      {Bioinformatics}
}

@article{Simpson12,
  author =       {Simpson, Jared T. and Durbin, Richard},
  title =        {Efficient de novo assembly of large genomes using
                  compressed data structures},
  volume =       22,
  pages =        {549-556},
  year =         2012,
  doi =          {10.1101/gr.126953.111},
  journal =      {Genome Research}
}

@inproceedings{Lacroix08,
  author =       {Lacroix, Vincent and Sammeth, Michael and Guigo,
                  Roderic and Bergeron, Anne},
  title =        {Exact Transcriptome Reconstruction from Short Sequence
                  Reads},
  year =         2008,
  booktitle =    {Algorithms in Bioinformatics},
  volume =       5251,
  series =       {Lecture Notes in Computer Science},
  editor =       {Crandall, KeithA. and Lagergren, Jens},
  doi =          {10.1007/978-3-540-87361-7_5},
  publisher =    {Springer Berlin Heidelberg},
  pages =        {50-63}
}

@inproceedings{Myers05,
  author =       {Eugene W. Myers},
  title =        {The fragment assembly string graph.},
  booktitle =    {ECCB/JBI},
  year =         2005,
  pages =        85,
  ee =           {http://dx.doi.org/10.1093/bioinformatics/bti1114},
  bibsource =    {DBLP, http://dblp.uni-trier.de}
}

@inproceedings{Bauer11,
  year =         2011,
  booktitle =    {Combinatorial Pattern Matching},
  volume =       6661,
  series =       {Lecture Notes in Computer Science},
  editor =       {Giancarlo, Raffaele and Manzini, Giovanni},
  doi =          {10.1007/978-3-642-21458-5_20},
  title =        {Lightweight {BWT} Construction for Very Large String
                  Collections},
  publisher =    {Springer Berlin Heidelberg},
  author =       {Bauer, Markus J. and Cox, Anthony J. and Rosone,
                  Giovanna},
  pages =        {219-231}
}

@inproceedings{Cox12,
  year =         2012,
  booktitle =    {Algorithms in Bioinformatics},
  volume =       7534,
  series =       {Lecture Notes in Computer Science},
  editor =       {Raphael, Ben and Tang, Jijun},
  doi =          {10.1007/978-3-642-33122-0_17},
  title =        {Comparing {DNA} Sequence Collections by Direct
                  Comparison of Compressed Text Indexes},
  publisher =    {Springer Berlin Heidelberg},
  author =       {Cox, Anthony J. and Jakobi, Tobias and Rosone,
                  Giovanna and Schulz-Trieglaff, Ole B.},
  pages =        {214-224}
}
